@Book{johnson_2019,
  title = {Archaeological Theory: An Introduction},
  author = {Matthew Johnson},
  date = {2019},
  publisher = {John Wiley \& Sons},
  isbn = {1-118-47502-X},
}
@Book{triggerHistoryArchaeologicalThought1989,
  title = {A History of Archaeological Thought},
  author = {Bruce G. Trigger},
  date = {1989},
  publisher = {Cambridge university press},
  isbn = {0-521-33818-2},
}
@Book{lock_2003,
  title = {Using Computers in Archaeology: Towards Virtual Pasts},
  author = {Gary Lock},
  date = {2003},
  publisher = {Routledge},
  isbn = {0-203-45107-4},
  file = {/Users/jmcascalheira/ICArEHB Dropbox/JoaÌƒo Cascalheira/[6] PERSONAL/Zoterodb/Lock_2003_Using computers in archaeology.pdf},
}
